{
  "leader": "02286cam a22004451a 4500",
  "fields": [
    {
      "001": "ocm00554921\\"
    },
    {
      "003": "OCoLC"
    },
    {
      "005": "20230105155516.0"
    },
    {
      "008": "731212s1966\\\\\\\\maua\\\\\\\\\\b\\\\\\\\101\\0\\eng\\\\"
    },
    {
      "010": {
        "ind1": "\\",
        "ind2": "\\",
        "subfields": [
          {
            "a": "   66025388 "
          }
        ]
      }
    },
    {
      "040": {
        "ind1": "\\",
        "ind2": "\\",
        "subfields": [
          {
            "a": "DLC"
          },
          {
            "b": "eng"
          },
          {
            "c": "DLC"
          },
          {
            "d": "CHS"
          },
          {
            "d": "NLM"
          },
          {
            "d": "OCL"
          },
          {
            "d": "OCLCQ"
          },
          {
            "d": "LVB"
          },
          {
            "d": "COF"
          },
          {
            "d": "EUW"
          },
          {
            "d": "OCLCQ"
          },
          {
            "d": "GBVCP"
          },
          {
            "d": "OCLCF"
          },
          {
            "d": "OCLCQ"
          },
          {
            "d": "OCLCO"
          },
          {
            "d": "OCL"
          },
          {
            "d": "OCLCO"
          },
          {
            "d": "OCLCQ"
          },
          {
            "d": "OCLCO"
          },
          {
            "d": "OCLCQ"
          },
          {
            "d": "OCLCA"
          },
          {
            "d": "OCLCO"
          }
        ]
      }
    },
    {
      "016": {
        "ind1": "7",
        "ind2": "\\",
        "subfields": [
          {
            "a": "0160251"
          },
          {
            "2": "DNLM"
          }
        ]
      }
    },
    {
      "019": {
        "ind1": "\\",
        "ind2": "\\",
        "subfields": [
          {
            "a": "14496919"
          },
          {
            "a": "38232322"
          },
          {
            "a": "57202732"
          },
          {
            "a": "623173603"
          },
          {
            "a": "976954620"
          }
        ]
      }
    },
    {
      "035": {
        "ind1": "\\",
        "ind2": "\\",
        "subfields": [
          {
            "a": "(OCoLC)554921"
          },
          {
            "z": "(OCoLC)14496919"
          },
          {
            "z": "(OCoLC)38232322"
          },
          {
            "z": "(OCoLC)57202732"
          },
          {
            "z": "(OCoLC)623173603"
          },
          {
            "z": "(OCoLC)976954620"
          }
        ]
      }
    },
    {
      "050": {
        "ind1": "0",
        "ind2": "0",
        "subfields": [
          {
            "a": "QH506"
          },
          {
            "b": ".S95 1965"
          }
        ]
      }
    },
    {
      "082": {
        "ind1": "0",
        "ind2": "0",
        "subfields": [
          {
            "a": "572.80285"
          },
          {
            "b": "SYM "
          }
        ]
      }
    },
    {
      "111": {
        "ind1": "2",
        "ind2": "\\",
        "subfields": [
          {
            "a": "Symposium on Macromolecular Metabolism"
          },
          {
            "d": "(1965 :"
          },
          {
            "c": "New York, N.Y.)"
          }
        ]
      }
    },
    {
      "245": {
        "ind1": "1",
        "ind2": "0",
        "subfields": [
          {
            "a": "Macromolecular metabolism :"
          },
          {
            "b": "proceedings of a symposium sponsored by the New York Heart Association."
          }
        ]
      }
    },
    {
      "260": {
        "ind1": "\\",
        "ind2": "\\",
        "subfields": [
          {
            "a": "Boston :"
          },
          {
            "b": "Little, Brown and company,"
          },
          {
            "c": "1966."
          }
        ]
      }
    },
    {
      "300": {
        "ind1": "\\",
        "ind2": "\\",
        "subfields": [
          {
            "a": "366 pages :"
          },
          {
            "b": "illustrations, charts ;"
          },
          {
            "c": "26 cm"
          }
        ]
      }
    },
    {
      "336": {
        "ind1": "\\",
        "ind2": "\\",
        "subfields": [
          {
            "a": "text"
          },
          {
            "b": "txt"
          },
          {
            "2": "rdacontent"
          }
        ]
      }
    },
    {
      "337": {
        "ind1": "\\",
        "ind2": "\\",
        "subfields": [
          {
            "a": "unmediated"
          },
          {
            "b": "n"
          },
          {
            "2": "rdamedia"
          }
        ]
      }
    },
    {
      "338": {
        "ind1": "\\",
        "ind2": "\\",
        "subfields": [
          {
            "a": "volume"
          },
          {
            "b": "nc"
          },
          {
            "2": "rdacarrier"
          }
        ]
      }
    },
    {
      "500": {
        "ind1": "\\",
        "ind2": "\\",
        "subfields": [
          {
            "a": "\"The seventh Basic science symposium of the New York Heart Association.\""
          }
        ]
      }
    },
    {
      "500": {
        "ind1": "\\",
        "ind2": "\\",
        "subfields": [
          {
            "a": "\"Published simultaneously as a supplement to the Journal of general physiology, volume 49, number 6, part 2, 1966.\""
          }
        ]
      }
    },
    {
      "504": {
        "ind1": "\\",
        "ind2": "\\",
        "subfields": [
          {
            "a": "Includes bibliographical references and index."
          }
        ]
      }
    },
    {
      "650": {
        "ind1": "\\",
        "ind2": "0",
        "subfields": [
          {
            "a": "DNA"
          },
          {
            "v": "Congresses."
          }
        ]
      }
    },
    {
      "650": {
        "ind1": "\\",
        "ind2": "0",
        "subfields": [
          {
            "a": "Molecular biology"
          },
          {
            "v": "Congresses."
          }
        ]
      }
    },
    {
      "650": {
        "ind1": "\\",
        "ind2": "2",
        "subfields": [
          {
            "a": "Macromolecular Substances"
          }
        ]
      }
    },
    {
      "650": {
        "ind1": "\\",
        "ind2": "2",
        "subfields": [
          {
            "a": "Macromolecular Substances"
          },
          {
            "x": "metabolism"
          }
        ]
      }
    },
    {
      "650": {
        "ind1": "\\",
        "ind2": "7",
        "subfields": [
          {
            "a": "DNA."
          },
          {
            "2": "fast"
          },
          {
            "0": "(OCoLC)fst00886555"
          }
        ]
      }
    },
    {
      "650": {
        "ind1": "\\",
        "ind2": "7",
        "subfields": [
          {
            "a": "Molecular biology."
          },
          {
            "2": "fast"
          },
          {
            "0": "(OCoLC)fst01024734"
          }
        ]
      }
    },
    {
      "655": {
        "ind1": "\\",
        "ind2": "7",
        "subfields": [
          {
            "a": "Conference papers and proceedings."
          },
          {
            "2": "fast"
          },
          {
            "0": "(OCoLC)fst01423772"
          }
        ]
      }
    },
    {
      "710": {
        "ind1": "2",
        "ind2": "\\",
        "subfields": [
          {
            "a": "New York Heart Association."
          }
        ]
      }
    },
    {
      "776": {
        "ind1": "0",
        "ind2": "8",
        "subfields": [
          {
            "i": "Online version:"
          },
          {
            "a": "Symposium on Macromolecular Metabolism (1965 : New York, N.Y.)."
          },
          {
            "t": "Macromolecular metabolism."
          },
          {
            "b": "[1st ed.]."
          },
          {
            "d": "Boston, Little, Brown [1966]"
          },
          {
            "w": "(OCoLC)595088907"
          }
        ]
      }
    },
    {
      "776": {
        "ind1": "0",
        "ind2": "8",
        "subfields": [
          {
            "i": "Online version:"
          },
          {
            "a": "Symposium on Macromolecular Metabolism (1965 : New York, N.Y.)."
          },
          {
            "t": "Macromolecular metabolism."
          },
          {
            "b": "[1st ed.]."
          },
          {
            "d": "Boston : Little, Brown 1966"
          },
          {
            "w": "(OCoLC)608647020"
          }
        ]
      }
    },
    {
      "830": {
        "ind1": "\\",
        "ind2": "0",
        "subfields": [
          {
            "a": "Journal of general physiology ;"
          },
          {
            "v": "v. 49, no. 6, pt. 2."
          }
        ]
      }
    },
    {
      "994": {
        "ind1": "\\",
        "ind2": "\\",
        "subfields": [
          {
            "a": "Z0"
          },
          {
            "b": "NYRVC"
          }
        ]
      }
    },
    {
      "948": {
        "ind1": "\\",
        "ind2": "\\",
        "subfields": [
          {
            "h": "NO HOLDINGS IN NYRVC - 177 OTHER HOLDINGS"
          }
        ]
      }
    },
    {
      "999": {
        "ind1": "\\",
        "ind2": "\\",
        "subfields": [
          {
            "a": "00000000012817"
          }
        ]
      }
    }
  ]
}